@article{GomoryH61,
  author    = {Gomory, R. E. and
               Hu, T. C.},
  title     = {Multi-terminal network flows},
  journal   = {Journal of the Society for Industrial and Applied Mathematics},
  volume    = {9},
  number    = {4},
  pages     = {551--570},
  year      = {1961}
}

@inproceedings{LeeSflow,
  author    = {Yin Tat Lee and
               Aaron Sidford},
  title     = {Path Finding Methods for Linear Programming: Solving Linear Programs
               in {\~{O}}(vrank) Iterations and Faster Algorithms for Maximum Flow},
  booktitle = {55th {IEEE} Annual Symposium on Foundations of Computer Science, {FOCS}
               2014, Philadelphia, PA, USA, October 18-21, 2014},
  pages     = {424--433},
  publisher = {{IEEE} Computer Society},
  year      = {2014}
}

@article{FordF56,
  author    = {Ford, L. R. and
               Fulkerson, D. R.},
  title     = {Maximal flow through a network},
  journal   = {Canadian Journal of Mathematics},
  volume    = {8},
  pages     = {399--404},
  year      = {1956}
}

@article{BenczurK15,
  author    = {Andr{\'{a}}s A. Bencz{\'{u}}r and
               David R. Karger},
  title     = {Randomized Approximation Schemes for Cuts and Flows in Capacitated
               Graphs},
  journal   = {{SIAM} J. Comput.},
  volume    = {44},
  number    = {2},
  pages     = {290--319},
  year      = {2015}
}

@article{FungHHP19,
  author    = {Wai Shing Fung and
               Ramesh Hariharan and
               Nicholas J. A. Harvey and
               Debmalya Panigrahi},
  title     = {A General Framework for Graph Sparsification},
  journal   = {{SIAM} J. Comput.},
  volume    = {48},
  number    = {4},
  pages     = {1196--1223},
  year      = {2019}
}

@inproceedings{AbboudKT20b,
  author    = {Amir Abboud and
               Robert Krauthgamer and
               Ohad Trabelsi},
  title     = {Cut-Equivalent Trees are Optimal for Min-Cut Queries},
  booktitle = {61st {IEEE} Annual Symposium on Foundations of Computer Science, {FOCS}
               2020},
  publisher = {{IEEE} Computer Society},
  year      = {2020}
}

@inproceedings{LiP20,
  author    = {Jason Li and
               Debmalya Panigrahi},
  title     = {Deterministic Min-cut in Poly-logarithmic Max-flows},
  booktitle = {61st {IEEE} Annual Symposium on Foundations of Computer Science, {FOCS}
               2020},
  publisher = {{IEEE} Computer Society},
  year      = {2020}
}

@inproceedings{AbboudKT20a,
  author    = {Amir Abboud and
               Robert Krauthgamer and
               Ohad Trabelsi},
  editor    = {Shuchi Chawla},
  title     = {New Algorithms and Lower Bounds for All-Pairs Max-Flow in Undirected
               Graphs},
  booktitle = {Proceedings of the 2020 {ACM-SIAM} Symposium on Discrete Algorithms,
               {SODA} 2020, Salt Lake City, UT, USA, January 5-8, 2020},
  pages     = {48--61},
  publisher = {{SIAM}},
  year      = {2020}
}

@article{Gusfield90,
  author    = {Dan Gusfield},
  title     = {Very Simple Methods for All Pairs Network Flow Analysis},
  journal   = {{SIAM} J. Comput.},
  volume    = {19},
  number    = {1},
  pages     = {143--155},
  year      = {1990}
}

@article{GoldbergT01,
  author    = {Andrew V. Goldberg and
               Kostas Tsioutsiouliklis},
  title     = {Cut Tree Algorithms: An Experimental Study},
  journal   = {J. Algorithms},
  volume    = {38},
  number    = {1},
  pages     = {51--83},
  year      = {2001}
}

@inproceedings{BhalgatHKP07,
  author    = {Anand Bhalgat and
                Ramesh Hariharan and
               Telikepalli Kavitha and
               Debmalya Panigrahi},
  editor    = {David S. Johnson and
               Uriel Feige},
  title     = {An {\~{O}}(mn) Gomory-Hu tree construction algorithm for unweighted
               graphs},
  booktitle = {Proceedings of the 39th Annual {ACM} Symposium on Theory of Computing,
               San Diego, California, USA, June 11-13, 2007},
  pages     = {605--614},
  publisher = {{ACM}},
  year      = {2007}
}

@inproceedings{HariharanKP07,
  author    = {Ramesh Hariharan and
               Telikepalli Kavitha and
               Debmalya Panigrahi},
  editor    = {Nikhil Bansal and
               Kirk Pruhs and
               Clifford Stein},
  title     = {Efficient algorithms for computing all low \emph{s-t} edge connectivities
               and related problems},
  booktitle = {Proceedings of the Eighteenth Annual {ACM-SIAM} Symposium on Discrete
               Algorithms, {SODA} 2007, New Orleans, Louisiana, USA, January 7-9,
               2007},
  pages     = {127--136},
  publisher = {{SIAM}},
  year      = {2007}
}

@article{BorradaileSW15,
  author    = {Glencora Borradaile and
               Piotr Sankowski and
               Christian Wulff{-}Nilsen},
  title     = {Min \emph{st}-Cut Oracle for Planar Graphs with Near-Linear Preprocessing
               Time},
  journal   = {{ACM} Trans. Algorithms},
  volume    = {11},
  number    = {3},
  pages     = {16:1--16:29},
  year      = {2015}
}

@inproceedings{BorradaileENW16,
  author    = {Glencora Borradaile and
               David Eppstein and
               Amir Nayyeri and
               Christian Wulff{-}Nilsen},
  editor    = {S{\'{a}}ndor P. Fekete and
               Anna Lubiw},
  title     = {All-Pairs Minimum Cuts in Near-Linear Time for Surface-Embedded Graphs},
  booktitle = {32nd International Symposium on Computational Geometry, SoCG 2016,
               June 14-18, 2016, Boston, MA, {USA}},
  series    = {LIPIcs},
  volume    = {51},
  pages     = {22:1--22:16},
  publisher = {Schloss Dagstuhl - Leibniz-Zentrum f{\"{u}}r Informatik},
  year      = {2016}
}

@incollection{Panigrahi16,
  author    = {Debmalya Panigrahi},
  title     = {Gomory-Hu Trees},
  booktitle = {Encyclopedia of Algorithms},
  pages     = {858--861},
  year      = {2016}
}

@inproceedings{BhalgatHKP08,
  author    = {Anand Bhalgat and
               Ramesh Hariharan and
               Telikepalli Kavitha and
               Debmalya Panigrahi},
  editor    = {Shang{-}Hua Teng},
  title     = {Fast edge splitting and Edmonds' arborescence construction for unweighted
               graphs},
  booktitle = {Proceedings of the Nineteenth Annual {ACM-SIAM} Symposium on Discrete
               Algorithms, {SODA} 2008, San Francisco, California, USA, January 20-22,
               2008},
  pages     = {455--464}
}

@article{KargerL15,
  author    = {David R. Karger and
               Matthew S. Levine},
  title     = {Fast Augmenting Paths by Random Sampling from Residual Graphs},
  journal   = {{SIAM} J. Comput.},
  volume    = {44},
  number    = {2},
  pages     = {320--339},
  year      = {2015}
}

@article{ChekuriX16,
  author    = {Chandra Chekuri and
               Chao Xu},
  title     = {Computing minimum cuts in hypergraphs},
  journal   = {CoRR},
  volume    = {abs/1607.08682},
  year      = {2016},
  url       = {http://arxiv.org/abs/1607.08682},
  timestamp = {Tue, 02 Aug 2016 12:59:27 +0200},
  biburl    = {http://dblp.uni-trier.de/rec/bib/journals/corr/ChekuriX16},
  bibsource = {dblp computer science bibliography, http://dblp.org}
}

@incollection{DKL76,
	author = {Efim A. Dinitz and Alexander~V. Karzanov and Micael V.
Lomonosov},
	title = {On the Structure of a Family of Minimum Weighted
Cuts in a Graph},
	booktitle = {Studies in Discrete Optimization},
	editor = {A. A. Fridman},
	publisher = {Nauka Publishers},
	address = {Moscow},
	year = 1976,
	pages = {290-306}}

@inproceedings{Karger16,
  author    = {David R. Karger},
  title     = {Faster and Simpler Network (Un)reliability Estimation},
  booktitle = {FOCS},
  year      = {2016}
}

@article{Cheng99,
  author    = {Eddie Cheng},
  title     = {Edge-augmentation of hypergraphs},
  journal   = {Math. Program.},
  volume    = {84},
  number    = {3},
  pages     = {443--465},
  year      = {1999}
}

@article{Rizzi00,
  author    = {Romeo Rizzi},
  title     = {{NOTE} - On Minimizing Symmetric Set Functions},
  journal   = {Combinatorica},
  volume    = {20},
  number    = {3},
  pages     = {445--450},
  year      = {2000}
}

@article{Tarjan75,
  author    = {Robert Endre Tarjan},
  title     = {Efficiency of a Good But Not Linear Set Union Algorithm},
  journal   = {J. {ACM}},
  volume    = {22},
  number    = {2},
  pages     = {215--225},
  year      = {1975}
}


@article{GoemansW95,
  author    = {Michel X. Goemans and
               David P. Williamson},
  title     = {A General Approximation Technique for Constrained Forest Problems},
  journal   = {{SIAM} J. Comput.},
  volume    = {24},
  number    = {2},
  pages     = {296--317},
  year      = {1995}
}

@article{AgrawalKR95,
  author    = {Ajit Agrawal and
               Philip N. Klein and
               R. Ravi},
  title     = {When Trees Collide: An Approximation Algorithm for the Generalized
               Steiner Problem on Networks},
  journal   = {{SIAM} J. Comput.},
  volume    = {24},
  number    = {3},
  pages     = {440--456},
  year      = {1995}
}

@article{KawaseM13,
  author    = {Yasushi Kawase and
               Kazuhisa Makino},
  title     = {Nash equilibria with minimum potential in undirected broadcast games},
  journal   = {Theor. Comput. Sci.},
  volume    = {482},
  pages     = {33--47},
  year      = {2013}
}


@inproceedings{FeldmanR12,
  author    = {Michal Feldman and
               Tom Ron},
  title     = {Capacitated Network Design Games},
  booktitle = {Algorithmic Game Theory - 5th International Symposium, {SAGT} 2012,
               Barcelona, Spain, October 22-23, 2012. Proceedings},
  pages     = {132--143},
  year      = {2012}
}

@inproceedings{CharikarKMNS08,
  author    = {Moses Charikar and
               Howard J. Karloff and
               Claire Mathieu and
               Joseph Naor and
               Michael E. Saks},
  title     = {Online multicast with egalitarian cost sharing},
  booktitle = {SPAA},
  pages     = {70--76},
  year      = {2008}
}

@article{FanelliLMS15,
  author    = {Angelo Fanelli and
               Dariusz Leniowski and
               Gianpiero Monaco and
               Piotr Sankowski},
  title     = {The ring design game with fair cost allocation},
  journal   = {Theor. Comput. Sci.},
  volume    = {562},
  pages     = {90--100},
  year      = {2015}
}

@article{EpsteinFM09,
  author    = {Amir Epstein and
               Michal Feldman and
               Yishay Mansour},
  title     = {Strong equilibrium in cost sharing connection games},
  journal   = {Games and Economic Behavior},
  volume    = {67},
  number    = {1},
  pages     = {51--68},
  year      = {2009}
}


@article{Albers09,
  author    = {Susanne Albers},
  title     = {On the Value of Coordination in Network Design},
  journal   = {{SIAM} J. Comput.},
  volume    = {38},
  number    = {6},
  pages     = {2273--2302},
  year      = {2009}
}


@article{BiloB11,
  author    = {Vittorio Bil{\`{o}} and
               Roberta Bove},
  title     = {Bounds on the Price of stability of Undirected Network Design Games
               with Three Players},
  journal   = {Journal of Interconnection Networks},
  volume    = {12},
  number    = {1-2},
  pages     = {1--17},
  year      = {2011}
}


@article{ChenR09,
  author    = {Ho{-}Lin Chen and
               Tim Roughgarden},
  title     = {Network Design with Weighted Players},
  journal   = {Theory Comput. Syst.},
  volume    = {45},
  number    = {2},
  pages     = {302--324},
  year      = {2009}
}


@inproceedings{ChristodoulouCLPS09,
  author    = {George Christodoulou and
               Christine Chung and
               Katrina Ligett and
               Evangelia Pyrga and
               Rob van Stee},
  title     = {On the Price of Stability for Undirected Network Design},
  booktitle = {Approximation and Online Algorithms, 7th International Workshop, {WAOA}
               2009, Copenhagen, Denmark, September 10-11, 2009. Revised Papers},
  pages     = {86--97},
  year      = {2009}
}

@article{BiloCFM13,
  author    = {Vittorio Bil{\`{o}} and
               Ioannis Caragiannis and
               Angelo Fanelli and
               Gianpiero Monaco},
  title     = {Improved Lower Bounds on the Price of Stability of Undirected Network
               Design Games},
  journal   = {Theory Comput. Syst.},
  volume    = {52},
  number    = {4},
  pages     = {668--686},
  year      = {2013}
}



@article{AnshelevichDKTWR08,
  author    = {Elliot Anshelevich and
               Anirban Dasgupta and
               Jon M. Kleinberg and
               {\'{E}}va Tardos and
               Tom Wexler and
               Tim Roughgarden},
  title     = {The Price of Stability for Network Design with Fair Cost Allocation},
  journal   = {{SIAM} J. Comput.},
  volume    = {38},
  number    = {4},
  pages     = {1602--1623},
  year      = {2008}
}


@inproceedings{FiatKLOS06,
  author    = {Amos Fiat and
               Haim Kaplan and
               Meital Levy and
               Svetlana Olonetsky and
               Ronen Shabo},
  title     = {On the Price of Stability for Designing Undirected Networks with Fair
               Cost Allocations},
  booktitle = {ICALP},
  pages     = {608--618},
  year      = {2006}
}

@inproceedings{LeeL13,
  author    = {Euiwoong Lee and
               Katrina Ligett},
  title     = {Improved bounds on the price of stability in network cost sharing
               games},
  booktitle = {EC},
  pages     = {607--620},
  year      = {2013}
}

@inproceedings{BiloFM13,
  author    = {Vittorio Bil{\`{o}} and
               Michele Flammini and
               Luca Moscardelli},
  title     = {The Price of Stability for Undirected Broadcast Network Design with
               Fair Cost Allocation Is Constant},
  booktitle = {FOCS},
  pages     = {638--647},
  year      = {2013}
}


@article{Li09,
  author    = {Jian Li},
  title     = {An {O}(log(n)/log(log(n))) upper bound on the price of stability for
               undirected Shapley network design games},
  journal   = {Inf. Process. Lett.},
  volume    = {109},
  number    = {15},
  pages     = {876--878},
  year      = {2009}
}


@inproceedings{RajagopalanV99,
  author    = {Sridhar Rajagopalan and
               Vijay V. Vazirani},
  title     = {On the Bidirected Cut Relaxation for the Metric Steiner Tree Problem},
  booktitle = {SODA.},
  pages     = {742--751},
  year      = {1999}
}

@article{ChakrabartyDV11,
  author    = {Deeparnab Chakrabarty and
               Nikhil R. Devanur and
               Vijay V. Vazirani},
  title     = {New geometry-inspired relaxations and algorithms for the metric Steiner
               tree problem},
  journal   = {Math. Program.},
  volume    = {130},
  number    = {1},
  pages     = {1--32},
  year      = {2011}
}

@inproceedings{RobinsZ00,
  author    = {Gabriel Robins and
               Alexander Zelikovsky},
  title     = {Improved Steiner tree approximation in graphs},
  booktitle = {SODA},
  pages     = {770--779},
  year      = {2000}
}

@article{RobinsZ05,
  author    = {Gabriel Robins and
               Alexander Zelikovsky},
  title     = {Tighter Bounds for Graph Steiner Tree Approximation},
  journal   = {{SIAM} J. Discrete Math.},
  volume    = {19},
  number    = {1},
  pages     = {122--134},
  year      = {2005}
}

@inproceedings{ByrkaGRS10,
  author    = {Jaroslaw Byrka and
               Fabrizio Grandoni and
               Thomas Rothvo{\ss} and
               Laura Sanit{\`{a}}},
  title     = {An improved LP-based approximation for steiner tree},
  booktitle = {STOC},
  pages     = {583--592},
  year      = {2010}
}

@article{ByrkaGRS13,
  author    = {Jaroslaw Byrka and
               Fabrizio Grandoni and
               Thomas Rothvo{\ss} and
               Laura Sanit{\`{a}}},
  title     = {Steiner Tree Approximation via Iterative Randomized Rounding},
  journal   = {J. {ACM}},
  volume    = {60},
  number    = {1},
  pages     = {6},
  year      = {2013}
}

@article{Rosenthal73,
  title={A class of games possessing pure-strategy Nash equilibria},
  author={Rosenthal, Robert W},
  journal={International Journal of Game Theory},
  volume={2},
  number={1},
  pages={65--67},
  year={1973},
  publisher={Springer}
}

@article{ChekuriCLNO07,
  author    = {Chandra Chekuri and
               Julia Chuzhoy and
               Liane Lewin{-}Eytan and
               Joseph (Seffi) Naor and
               Ariel Orda},
  title     = {Non-Cooperative multicast and facility location games},
  journal   = {{IEEE} Journal on Selected Areas in Communications},
  volume    = {25},
  number    = {6},
  pages     = {1193--1206},
  year      = {2007}
}


@article{ImaseW91,
  author    = {Makoto Imase and
               Bernard M. Waxman},
  title     = {Dynamic Steiner tree problem},
  journal   = {{SIAM} J. Discrete Math.},
  volume    = {4},
  number    = {3},
  pages     = {369--384},
  year      = {1991}
}

@article{Monderer96,
  author    = {Dov Monderer and
               Lloyd S. Shapley},
  title     = {Potential games},
  journal   = {Games and economic behavior},
  volume    = {14},
  pages     = {124--143},
  year      = {1996}
}


@article{zhang2011LabelCut,
  title={Approximation and hardness results for label cut and related problems},
  author={Zhang, Peng and Cai, Jin-Yi and Tang, Lin-Qing and Zhao, Wen-Bo},
  journal={Journal of Combinatorial Optimization},
  volume={21},
  number={2},
  pages={192--208},
  year={2011},
  publisher={Springer}
}

@inproceedings{fellows2009ParamLabelCut,
  title={The parameterized complexity of some minimum label problems},
  author={Fellows, Michael R and Guo, Jiong and Kanj, Iyad A},
  booktitle={Graph-Theoretic Concepts in Computer Science},
  pages={88--99},
  year={2009},
  organization={Springer}
}

@article{BenczurKarger1996,
  title={Approximate $s$-$t$ Min-Cuts in ${\tilde{O}} (n^2)$ time},
  author={Bencz{\'u}r, Andr{\'a}s A and Karger, David R},
  journal=sicomp,
  volume=44,
  number=2,
  pages={290-319},
  year={2015}
}

@inproceedings{SpielmanTeng2004,
  title={Nearly-linear time algorithms for graph partitioning, graph sparsification, and solving linear systems},
  author={Spielman, Daniel A and Teng, Shang-Hua},
  booktitle={Proceedings of the thirty-sixth annual ACM symposium on Theory of computing},
  pages={81--90},
  year={2004},
  organization={ACM}
}

@article{spielman2011graph,
  title={Graph sparsification by effective resistances},
  author={Spielman, Daniel A and Srivastava, Nikhil},
  journal={SIAM Journal on Computing},
  volume={40},
  number={6},
  pages={1913--1926},
  year={2011},
  publisher={SIAM}
}

@article{batson2012twice,
  title={Twice-ramanujan sparsifiers},
  author={Batson, Joshua and Spielman, Daniel A and Srivastava, Nikhil},
  journal={SIAM Journal on Computing},
  volume={41},
  number={6},
  pages={1704--1721},
  year={2012},
  publisher={SIAM}
}

@inproceedings{LeeSun2015Sparsification,
  author    = {Yin Tat Lee and
               He Sun},
  title     = {Constructing Linear-Sized Spectral Sparsification in Almost-Linear
               Time},
  booktitle = {{IEEE} 56th Annual Symposium on Foundations of Computer Science, {FOCS}},
  pages     = {250--269},
  year      = {2015},
}


@inproceedings{fung2011general,
  title={A general framework for graph sparsification},
  author={Fung, Wai Shing and Hariharan, Ramesh and Harvey, Nicholas JA and Panigrahi, Debmalya},
  booktitle={Proceedings of the forty-third annual ACM symposium on Theory of computing},
  pages={71--80},
  year={2011},
  organization={ACM}
}

@inproceedings{kogan2015sketching,
  title={Sketching cuts in graphs and hypergraphs},
  author={Kogan, Dmitry and Krauthgamer, Robert},
  booktitle={Proceedings of the 2015 Conference on Innovations in Theoretical Computer Science},
  pages={367--376},
  year={2015},
  organization={ACM}
}

@article{queyranne1998minimizing,
  title={Minimizing symmetric submodular functions},
  author={Queyranne, Maurice},
  journal={Mathematical Programming},
  volume={82},
  number={1-2},
  pages={3--12},
  year={1998},
  publisher={Springer}
}

@article{klimmek1996simple,
  title={A simple hypergraph min cut algorithm},
  author={Klimmek, Regina and Wagner, Frank},
  year={1996}
}

@article{mak2000fast,
  title={A fast hypergraph min-cut algorithm for circuit partitioning},
  author={Mak, Wai-Kei and Wong, DF},
  journal={Integration, the VLSI journal},
  volume={30},
  number={1},
  pages={1--11},
  year={2000},
  publisher={Elsevier}
}

@inproceedings{madry2013navigating,
  title={Navigating central path with electrical flows: From flows to matchings, and back},
  author={Madry, Aleksander},
  booktitle={Foundations of Computer Science (FOCS), 2013 IEEE 54th Annual Symposium on},
  pages={253--262},
  year={2013},
  organization={IEEE}
}

@article{gomory1961multi,
  title={Multi-terminal network flows},
  author={Gomory, Ralph E and Hu, Tien Chung},
  journal={Journal of the Society for Industrial and Applied Mathematics},
  volume={9},
  number={4},
  pages={551--570},
  year={1961},
  publisher={SIAM}
}

@book{ford1962flows,
  title={Flows in networks},
  author={Ford Jr, Lester Randolph and Fulkerson, Delbert Ray},
  year={1962},
  publisher={Princeton university press}
}

@article{even1975network,
  title={Network flow and testing graph connectivity},
  author={Even, Shimon and Tarjan, R Endre},
  journal={SIAM journal on computing},
  volume={4},
  number={4},
  pages={507--518},
  year={1975},
  publisher={SIAM}
}

@inproceedings{hao1992faster,
  title={A faster algorithm for finding the minimum cut in a graph},
  author={Hao, Jianxiu and Orlin, James B},
  booktitle={Proceedings of the third annual ACM-SIAM symposium on Discrete algorithms},
  pages={165--174},
  year={1992},
  organization={Society for Industrial and Applied Mathematics}
}

@article{gabow1995matroid,
  title={A matroid approach to finding edge connectivity and packing arborescences},
  author={Gabow, Harold N},
  journal={Journal of Computer and System Sciences},
  volume={50},
  number={2},
  pages={259--273},
  year={1995},
  publisher={Elsevier}
}

@article{karger1996new,
  title={A new approach to the minimum cut problem},
  author={Karger, David R and Stein, Clifford},
  journal={Journal of the ACM (JACM)},
  volume={43},
  number={4},
  pages={601--640},
  year={1996},
  publisher={ACM}
}

@article{karger2000minimum,
  title={Minimum cuts in near-linear time},
  author={Karger, David R},
  journal={Journal of the ACM (JACM)},
  volume={47},
  number={1},
  pages={46--76},
  year={2000},
  publisher={ACM}
}

@inproceedings{kawarabayashi2015deterministic,
  title={Deterministic global minimum cut of a simple graph in near-linear time},
  author={Kawarabayashi, Ken-ichi and Thorup, Mikkel},
  booktitle={Proceedings of the Forty-Seventh Annual ACM on Symposium on Theory of Computing},
  pages={665--674},
  year={2015},
  organization={ACM}
}

@inproceedings{karger1994random,
  title={Random sampling in cut, flow, and network design problems},
  author={Karger, David R},
  booktitle={Proceedings of the twenty-sixth annual ACM symposium on Theory of computing},
  pages={648--657},
  year={1994},
  organization={ACM}
}

@inproceedings{karger1993global,
  title={Global Min-cuts in RNC, and Other Ramifications of a Simple Min-Cut Algorithm.},
  author={Karger, David R},
  booktitle={SODA},
  volume={93},
  pages={21--30},
  year={1993}
}

@article{nagamochi1992computing,
  title={Computing edge-connectivity in multigraphs and capacitated graphs},
  author={Nagamochi, Hiroshi and Ibaraki, Toshihide},
  journal={SIAM Journal on Discrete Mathematics},
  volume={5},
  number={1},
  pages={54--66},
  year={1992},
  publisher={SIAM}
}

@article{stoer1997simple,
  title={A simple min-cut algorithm},
  author={Stoer, Mechthild and Wagner, Frank},
  journal={Journal of the ACM (JACM)},
  volume={44},
  number={4},
  pages={585--591},
  year={1997},
  publisher={ACM}
}

@article{karger-reliability,
  author    = {David R. Karger},
  title     = {A Randomized Fully Polynomial Time Approximation Scheme for the All-Terminal Network Reliability Problem},
  journal   = {{SIAM} J. Comput.},
  volume    = {29},
  number    = {2},
  pages     = {492--514},
  year      = {1999}
}

@inproceedings{harris-reliability,
  author    = {David G. Harris and
               Aravind Srinivasan},
  title     = {Improved bounds and algorithms for graph cuts and network reliability},
  booktitle = {SODA},
  pages     = {259--278},
  year      = {2014}
}

