@inproceedings{Li19focs,
  author    = {Jason Li},
  title     = {Faster Minimum k-cut of a Simple Graph},
  booktitle = {Foundations of Computer Science (FOCS), 2019 IEEE 60th Annual Symposium on},
  year      = {2019}
}


@article{alweiss2019improved,
  title={Improved bounds for the sunflower lemma},
  author={Alweiss, Ryan and Lovett, Shachar and Wu, Kewen and Zhang, Jiapeng},
  journal={arXiv preprint arXiv:1908.08483},
  year={2019}
}

@article{freedman1975tail,
  title={On tail probabilities for martingales},
  author={Freedman, David A},
  journal={the Annals of Probability},
  volume={3},
  number={1},
  pages={100--118},
  year={1975},
  publisher={Institute of Mathematical Statistics}
}

@book{knuth2011art,
  title={The Art of Computer Programming, Volume 1: Fundamental Algorithms},
  author={Knuth, Donald E},
  publisher={Addison-Wesley Publishing Company},
  year={1973}
}

@article{KL18,
  title={A nearly $5/3$-approximation {FPT} Algorithm for Min-k-Cut},
  author={Kawarabayashi, Ken-ichi and Lin, Bingkai},
  journal={Manuscript},
  year={2018}
}

@inproceedings{williams2012multiplying,
  title={Multiplying matrices faster than {Coppersmith}--{Winograd}},
  author={Williams, Virginia Vassilevska},
  booktitle={Proceedings of the forty-fourth annual ACM symposium on Theory of computing},
  pages={887--898},
  year={2012},
  organization={ACM}
}

@inproceedings{ghaffari2017random,
  title={Random contractions and sampling for hypergraph and hedge connectivity},
  author={Ghaffari, Mohsen and Karger, David R and Panigrahi, Debmalya},
  booktitle={Proceedings of the Twenty-Eighth Annual ACM-SIAM Symposium on Discrete Algorithms},
  pages={1101--1114},
  year={2017},
  organization={SIAM}
}

@inproceedings{chandrasekaran2018hypergraph,
  title={Hypergraph k-cut in randomized polynomial time},
  author={Chandrasekaran, Karthekeyan and Xu, Chao and Yu, Xilin},
  booktitle={Proceedings of the Twenty-Ninth Annual ACM-SIAM Symposium on Discrete Algorithms},
  pages={1426--1438},
  year={2018},
  organization={Society for Industrial and Applied Mathematics}
}

@article{quanrud2018fast,
  title={Fast and Deterministic Approximations for $ k $-Cut},
  author={Quanrud, Kent},
  journal={arXiv preprint arXiv:1807.07143},
  year={2018}
}

@inproceedings{chekuri2018lp,
  title={{LP} Relaxation and Tree Packing for Minimum k-cuts},
  author={Chekuri, Chandra and Quanrud, Kent and Xu, Chao},
  booktitle={2nd Symposium on Simplicity in Algorithms (SOSA 2019)},
  year={2018},
  organization={Schloss Dagstuhl-Leibniz-Zentrum fuer Informatik}
}

@inproceedings{GLL18focs,
  author    = {Anupam Gupta and
               Euiwoong Lee and
               Jason Li},
  title     = {Faster Exact and Approximate Algorithms for $k$-Cut},
  booktitle = {Foundations of Computer Science (FOCS), 2018 IEEE 59th Annual Symposium on},
  year      = {2018}
}

@inproceedings{GLL19,
  title={The number of minimum k-cuts: improving the Karger-Stein bound},
  author={Gupta, Anupam and Lee, Euiwoong and Li, Jason},
  booktitle={Proceedings of the 51st Annual ACM SIGACT Symposium on Theory of Computing},
  pages={229--240},
  year={2019},
  organization={ACM}
}

@article{Marx07,
  title={Parameterized complexity and approximation algorithms},
  author={Marx, D{\'a}niel},
  journal={The Computer Journal},
  volume={51},
  number={1},
  pages={60--78},
  year={2007},
  publisher={Oxford University Press}
}

@inproceedings{Levine00,
  title={Fast randomized algorithms for computing minimum $\{$3, 4, 5, 6$\}$-way cuts},
  author={Levine, Matthew S},
  booktitle={Proceedings of the eleventh annual ACM-SIAM symposium on Discrete algorithms},
  pages={735--742},
  year={2000},
  organization={Society for Industrial and Applied Mathematics}
}

@article{DEFPR03,
  title={Cutting up is hard to do: The parameterised complexity of $k$-cut and related problems},
  author={Downey, Rodney G. and Estivill-Castro, Vladimir and Fellows, Michael and Prieto, Elena and Rosamund, Frances A.},
  journal={Electronic Notes in Theoretical Computer Science},
  volume={78},
  pages={209--222},
  year={2003},
  publisher={Elsevier}
}

@article{XCY11,
  title={Tight approximation ratio of a general greedy splitting algorithm for the minimum $k$-way cut problem},
  author={Xiao, Mingyu and Cai, Leizhen and Yao, Andrew Chi-Chih},
  journal={Algorithmica},
  volume={59},
  number={4},
  pages={510--520},
  year={2011},
  publisher={Springer}
}

@InProceedings{Manurangsi17,
  author ={Pasin Manurangsi},
  title ={{Inapproximability of Maximum Edge Biclique, Maximum Balanced Biclique and Minimum $k$-Cut from the Small Set Expansion Hypothesis}},
  booktitle ={44th International Colloquium on Automata, Languages, and Programming (ICALP 2017)},
  pages ={79:1--79:14},
  series ={Leibniz International Proceedings in Informatics (LIPIcs)},
  ISBN ={978-3-95977-041-5},
  ISSN ={1868-8969},
  year ={2017},
  volume ={80},
  URL ={http://drops.dagstuhl.de/opus/volltexte/2017/7500},
  URN ={urn:nbn:de:0030-drops-75004},
  doi ={10.4230/LIPIcs.ICALP.2017.79},
  annote ={Keywords: Hardness of Approximation, Small Set Expansion Hypothesis}
}

@article{SV95,
  title={Finding $k$-cuts within twice the optimal},
  author={Saran, Huzur and Vazirani, Vijay V.},
  journal={SIAM Journal on Computing},
  volume={24},
  number={1},
  pages={101--108},
  year={1995},
  publisher={SIAM}
}

@inproceedings{Thorup08,
  title={Minimum $k$-way cuts via deterministic greedy tree packing},
  author={Thorup, Mikkel},
  booktitle={Proceedings of the fortieth annual ACM symposium on Theory of computing},
  pages={159--166},
  year={2008},
  organization={ACM}
}

@article{KS96,
  title={A new approach to the minimum cut problem},
  author={Karger, David R. and Stein, Clifford},
  journal={Journal of the ACM (JACM)},
  volume={43},
  number={4},
  pages={601--640},
  year={1996},
  publisher={ACM}
}

@inproceedings{KT11,
  title={The minimum $k$-way cut of bounded size is fixed-parameter tractable},
  author={Kawarabayashi, Ken-ichi and Thorup, Mikkel},
  booktitle={Foundations of Computer Science (FOCS), 2011 IEEE 52nd Annual Symposium on},
  pages={160--169},
  year={2011},
  organization={IEEE}
}

@article{henzinger1996number,
  title={On the number of small cuts in a graph},
  author={Henzinger, Monika and Williamson, David P.},
  journal={Information Processing Letters},
  volume={59},
  number={1},
  pages={41--44},
  year={1996},
  publisher={Elsevier}
}

@incollection{benczur2008deformable,
  title={Deformable polygon representation and near-mincuts},
  author={Bencz{\'u}r, Andr{\'a}s A and Goemans, Michel X.},
  booktitle={Building Bridges},
  pages={103--135},
  year={2008},
  publisher={Springer}
}

@phdthesis{benczur1997cut,
  title={Cut structures and randomized algorithms in edge-connectivity problems},
  author={Bencz{\'u}r, Andr{\'a}s A.},
  year={1997},
  school={Massachusetts Institute of Technology}
}

@article {GH94,
    AUTHOR = {Goldschmidt, Olivier and Hochbaum, Dorit S.},
     TITLE = {A polynomial algorithm for the {$k$}-cut problem for fixed
              {$k$}},
   JOURNAL = {Math. Oper. Res.},
  FJOURNAL = {Mathematics of Operations Research},
    VOLUME = {19},
      YEAR = {1994},
    NUMBER = {1},
     PAGES = {24--37},
      ISSN = {0364-765X},
   MRCLASS = {90C35 (05C85 68Q25 90C27)},
  MRNUMBER = {1290008},
MRREVIEWER = {Ali Ridha Mahjoub},
       DOI = {10.1287/moor.19.1.24},
       URL = {http://dx.doi.org/10.1287/moor.19.1.24},
}

@article {Chitnis,
    AUTHOR = {Chitnis, Rajesh and Cygan, Marek and Hajiaghayi, MohammadTaghi
              and Pilipczuk, Marcin and Pilipczuk, Micha{\l} },
     TITLE = {Designing {FPT} algorithms for cut problems using randomized
              contractions},
   JOURNAL = {SIAM J. Comput.},
  FJOURNAL = {SIAM Journal on Computing},
    VOLUME = 45,
      YEAR = 2016,
    NUMBER = 4,
     PAGES = {1171--1229},
      ISSN = {0097-5397},
   MRCLASS = {68Q25 (05C85 68W20 68W40)},
       DOI = {10.1137/15M1032077},
       URL = {http://dx.doi.org/10.1137/15M1032077},
}

@inproceedings {NR01,
    AUTHOR = {Naor, Joseph and Rabani, Yuval},
     TITLE = {Tree packing and approximating {$k$}-cuts},
 BOOKTITLE = {Proceedings of the {T}welfth {A}nnual {ACM}-{SIAM} {S}ymposium
              on {D}iscrete {A}lgorithms ({W}ashington, {DC}, 2001)},
     PAGES = {26--27},
 PUBLISHER = {SIAM, Philadelphia, PA},
      YEAR = {2001},
   MRCLASS = {05C85 (68R10 68W25 90C35)},
  MRNUMBER = {1958388},
}

@article {RS02,
    AUTHOR = {Ravi, R. and Sinha, Amitabh},
     TITLE = {Approximating {$k$}-cuts using network strength as a
              {L}agrangean relaxation},
   JOURNAL = {European J. Oper. Res.},
  FJOURNAL = {European Journal of Operational Research},
    VOLUME = {186},
      YEAR = {2008},
    NUMBER = {1},
     PAGES = {77--90},
      ISSN = {0377-2217},
   MRCLASS = {90C27 (05C40 05C85)},
  MRNUMBER = {2363857},
MRREVIEWER = {Ulrich Faigle},
       DOI = {10.1016/j.ejor.2007.01.040},
       URL = {http://dx.doi.org/10.1016/j.ejor.2007.01.040},
}

@inproceedings{BuchbinderSW17,
  author    = {Niv Buchbinder and
               Roy Schwartz and
               Baruch Weizman},
  title     = {Simplex Transformations and the Multiway Cut Problem},
  booktitle = {Proceedings of the Twenty-Eighth Annual {ACM-SIAM} Symposium on Discrete
               Algorithms, {SODA} 2017},
  pages     = {2400--2410},
  year      = {2017},
  url       = {https://doi.org/10.1137/1.9781611974782.158},
  doi       = {10.1137/1.9781611974782.158},
  timestamp = {Wed, 24 May 2017 08:31:21 +0200},
  biburl    = {http://dblp.uni-trier.de/rec/bib/conf/soda/BuchbinderSW17},
  bibsource = {dblp computer science bibliography, http://dblp.org}
}

@inproceedings{BuchbinderNS13,
  author    = {Niv Buchbinder and
               Joseph Naor and
               Roy Schwartz},
  title     = {Simplex partitioning via exponential clocks and the multiway cut problem},
  booktitle = {Symposium on Theory of Computing Conference, STOC'13, Palo Alto, CA,
               USA, June 1-4, 2013},
  pages     = {535--544},
  year      = {2013},
  url       = {http://doi.acm.org/10.1145/2488608.2488675},
  doi       = {10.1145/2488608.2488675},
  timestamp = {Sun, 26 May 2013 10:49:33 +0200},
  biburl    = {http://dblp.uni-trier.de/rec/bib/conf/stoc/BuchbinderNS13},
  bibsource = {dblp computer science bibliography, http://dblp.org}
}

@article{Xiao10,
  author    = {Mingyu Xiao},
  title     = {Simple and Improved Parameterized Algorithms for Multiterminal Cuts},
  journal   = {Theory Comput. Syst.},
  volume    = {46},
  number    = {4},
  pages     = {723--736},
  year      = {2010},
  url       = {https://doi.org/10.1007/s00224-009-9215-5},
  doi       = {10.1007/s00224-009-9215-5},
  timestamp = {Sun, 28 May 2017 13:18:25 +0200},
  biburl    = {http://dblp.uni-trier.de/rec/bib/journals/mst/Xiao10},
  bibsource = {dblp computer science bibliography, http://dblp.org}
}

@book {FPT-book,
    AUTHOR = {Cygan, Marek and Fomin, Fedor V. and Kowalik, {\L}ukasz and
              Lokshtanov, Daniel and Marx, D\'aniel and Pilipczuk, Marcin and
              Pilipczuk, Micha{\l}  and Saurabh, Saket},
     TITLE = {Parameterized algorithms},
 PUBLISHER = {Springer, Cham},
      YEAR = {2015},
     PAGES = {xviii+613},
      ISBN = {978-3-319-21274-6; 978-3-319-21275-3},
   MRCLASS = {68-01 (05-01 05C85 68Q17 68Q25 68R10 68Wxx)},
  MRNUMBER = {3380745},
MRREVIEWER = {Henning Fernau},
       DOI = {10.1007/978-3-319-21275-3},
       URL = {http://dx.doi.org/10.1007/978-3-319-21275-3},
}

@article{CaoCF14,
  author    = {Yixin Cao and
               Jianer Chen and
               Jia{-}Hao Fan},
  title     = {An {$O(1.84^k)$} parameterized algorithm for the multiterminal
               cut problem},
  journal   = {Inf. Process. Lett.},
  volume    = {114},
  number    = {4},
  pages     = {167--173},
  year      = {2014},
  url       = {https://doi.org/10.1016/j.ipl.2013.12.001},
  doi       = {10.1016/j.ipl.2013.12.001},
  timestamp = {Tue, 06 Jun 2017 22:27:07 +0200},
  biburl    = {http://dblp.uni-trier.de/rec/bib/journals/ipl/CaoCF14},
  bibsource = {dblp computer science bibliography, http://dblp.org}
}

@article {MR1869512,
    AUTHOR = {Kamidoi, Y. and Wakabayashi, S. and Yoshida, N.},
     TITLE = {A divide-and-conquer approach to the minimum {$k$}-way cut
              problem},
   JOURNAL = {Algorithmica},
  FJOURNAL = {Algorithmica. An International Journal in Computer Science},
    VOLUME = {32},
      YEAR = {2002},
    NUMBER = {2},
     PAGES = {262--276},
      ISSN = {0178-4617},
   MRCLASS = {90C35 (05C85 68R10)},
  MRNUMBER = {1869512},
MRREVIEWER = {Sheng Bau},
       DOI = {10.1007/s00453-001-0070-2},
       URL = {http://dx.doi.org/10.1007/s00453-001-0070-2},
}

@article {KYN06,
    AUTHOR = {Kamidoi, Yoko and Yoshida, Noriyoshi and Nagamochi, Hiroshi},
     TITLE = {A deterministic algorithm for finding all minimum {$k$}-way
              cuts},
   JOURNAL = {SIAM J. Comput.},
  FJOURNAL = {SIAM Journal on Computing},
    VOLUME = {36},
      YEAR = {2006/07},
    NUMBER = {5},
     PAGES = {1329--1341},
      ISSN = {0097-5397},
   MRCLASS = {05C85 (05C40 68R10 68W05)},
  MRNUMBER = {2284083},
MRREVIEWER = {Veerle Fack},
       DOI = {10.1137/050631616},
       URL = {http://dx.doi.org/10.1137/050631616},
}
@article {HO92,
    AUTHOR = {Hao, Jianxiu and Orlin, James B.},
     TITLE = {A faster algorithm for finding the minimum cut in a directed
              graph},
      NOTE = {Third Annual ACM-SIAM Symposium on Discrete Algorithms
              (Orlando, FL, 1992)},
   JOURNAL = {J. Algorithms},
  FJOURNAL = {Journal of Algorithms. Cognition, Informatics and Logic},
    VOLUME = {17},
      YEAR = {1994},
    NUMBER = {3},
     PAGES = {424--446},
      ISSN = {0196-6774},
   MRCLASS = {90B10 (05C85 68Q20 68R10 90C35)},
  MRNUMBER = {1300258},
MRREVIEWER = {Hans L. Bodlaender},
       DOI = {10.1006/jagm.1994.1043},
       URL = {http://dx.doi.org/10.1006/jagm.1994.1043},
}

@comment   Math Reviews number: 1859790
@article {ZNI01,
    AUTHOR = {Zhao, Liang and Nagamochi, Hiroshi and Ibaraki, Toshihide},
     TITLE = {Approximating the minimum {$k$}-way cut in a graph via minimum
              3-way cuts},
   JOURNAL = {J. Comb. Optim.},
  FJOURNAL = {Journal of Combinatorial Optimization},
    VOLUME = {5},
      YEAR = {2001},
    NUMBER = {4},
     PAGES = {397--410},
      ISSN = {1382-6905},
   MRCLASS = {05C85 (05C40 90C35)},
  MRNUMBER = {1859790},
       DOI = {10.1023/A:1011620607786},
       URL = {http://dx.doi.org/10.1023/A:1011620607786},
}

@article {MR1902923,
    AUTHOR = {Zhao, Liang and Nagamochi, Hiroshi and Ibaraki, Toshihide},
     TITLE = {Greedy splitting: a unified approach for approximating some
              partition problems},
      NOTE = {Mathematical optimization theory and its algorithms (Japanese)
              (Kyoto, 2001)},
   JOURNAL = {S\=urikaisekikenky\=usho K\=oky\=uroku},
  FJOURNAL = {S\=urikaisekikenky\=usho K\=oky\=uroku},
    NUMBER = {1241},
      YEAR = {2001},
     PAGES = {139--147},
   MRCLASS = {90C57 (90C35)},
  MRNUMBER = {1902923},
}

@article {NI00,
    AUTHOR = {Nagamochi, Hiroshi and Ibaraki, Toshihide},
     TITLE = {A fast algorithm for computing minimum 3-way and 4-way cuts},
   JOURNAL = {Math. Program.},
  FJOURNAL = {Mathematical Programming. A Publication of the Mathematical
              Programming Society},
    VOLUME = {88},
      YEAR = {2000},
    NUMBER = {3, Ser. A},
     PAGES = {507--520},
      ISSN = {0025-5610},
   MRCLASS = {90C35 (05C85 68R10)},
  MRNUMBER = {1782153},
       DOI = {10.1007/PL00011383},
       URL = {http://dx.doi.org/10.1007/PL00011383},
}

@article {NKI00,
    AUTHOR = {Nagamochi, Hiroshi and Katayama, Shigeki and Ibaraki,
              Toshihide},
     TITLE = {A faster algorithm for computing minimum 5-way and 6-way cuts
              in graphs},
   JOURNAL = {J. Comb. Optim.},
  FJOURNAL = {Journal of Combinatorial Optimization},
    VOLUME = {4},
      YEAR = {2000},
    NUMBER = {2},
     PAGES = {151--169},
      ISSN = {1382-6905},
   MRCLASS = {90C35 (05C85)},
  MRNUMBER = {1772823},
MRREVIEWER = {D. de Werra},
       DOI = {10.1023/A:1009804919645},
       URL = {http://dx.doi.org/10.1023/A:1009804919645},
}

@article {NI92,
    AUTHOR = {Nagamochi, Hiroshi and Ibaraki, Toshihide},
     TITLE = {Computing edge-connectivity in multigraphs and capacitated
              graphs},
   JOURNAL = {SIAM J. Discrete Math.},
  FJOURNAL = {SIAM Journal on Discrete Mathematics},
    VOLUME = {5},
      YEAR = {1992},
    NUMBER = {1},
     PAGES = {54--66},
      ISSN = {0895-4801},
   MRCLASS = {05C40 (05C85 68Q25 68R10)},
  MRNUMBER = {1146896},
MRREVIEWER = {Gary MacGillivray},
       DOI = {10.1137/0405004},
       URL = {http://dx.doi.org/10.1137/0405004},
}

@article {BG97,
    AUTHOR = {Burlet, Michel and Goldschmidt, Olivier},
     TITLE = {A new and improved algorithm for the {$3$}-cut problem},
   JOURNAL = {Oper. Res. Lett.},
  FJOURNAL = {Operations Research Letters},
    VOLUME = {21},
      YEAR = {1997},
    NUMBER = {5},
     PAGES = {225--227},
      ISSN = {0167-6377},
   MRCLASS = {90C35 (05C85)},
  MRNUMBER = {1628707},
       DOI = {10.1016/S0167-6377(97)00043-6},
       URL = {http://dx.doi.org/10.1016/S0167-6377(97)00043-6},
}

@incollection {Kapoor96,
    AUTHOR = {Kapoor, Sanjiv},
     TITLE = {On minimum {$3$}-cuts and approximating {$k$}-cuts using cut
              trees},
 BOOKTITLE = {Integer programming and combinatorial optimization
              ({V}ancouver, {BC}, 1996)},
    SERIES = {Lecture Notes in Comput. Sci.},
    VOLUME = {1084},
     PAGES = {132--146},
 PUBLISHER = {Springer, Berlin},
      YEAR = {1996},
   MRCLASS = {90C27 (90C35)},
  MRNUMBER = {1441797},
       DOI = {10.1007/3-540-61310-2_11},
       URL = {http://dx.doi.org/10.1007/3-540-61310-2_11},
}

@article {Karger00,
    AUTHOR = {Karger, David R.},
     TITLE = {Minimum cuts in near-linear time},
   JOURNAL = {J. ACM},
  FJOURNAL = {Journal of the ACM},
    VOLUME = {47},
      YEAR = {2000},
    NUMBER = {1},
     PAGES = {46--76},
      ISSN = {0004-5411},
   MRCLASS = {68R10 (05C85 68W20)},
  MRNUMBER = {1751959},
MRREVIEWER = {Ranan B. Banerji},
       DOI = {10.1145/331605.331608},
       URL = {http://dx.doi.org/10.1145/331605.331608},
}

@book {KV12,
    AUTHOR = {Korte, Bernhard and Vygen, Jens},
     TITLE = {Combinatorial optimization},
    SERIES = {Algorithms and Combinatorics},
    VOLUME = {21},
   EDITION = {Fifth},
      NOTE = {Theory and algorithms},
 PUBLISHER = {Springer, Heidelberg},
      YEAR = {2012},
     PAGES = {xx+659},
      ISBN = {978-3-642-24487-2},
   MRCLASS = {90-01 (05B35 05C85 68Q25 68W25 68W40 90C27 90C35)},
  MRNUMBER = {2850465},
       DOI = {10.1007/978-3-642-24488-9},
       URL = {http://dx.doi.org/10.1007/978-3-642-24488-9},
}

@article {EG75,
    AUTHOR = {Edmonds, Jack and Giles, Rick},
     TITLE = {A min-max relation for submodular functions on graphs},
 BOOKTITLE = {Studies in integer programming ({P}roc. {W}orkshop, {B}onn,
              1975)},
     PAGES = {185--204. Ann. of Discrete Math., Vol. 1},
 PUBLISHER = {North-Holland, Amsterdam},
      YEAR = {1977},
   MRCLASS = {05C20 (90C05)},
  MRNUMBER = {0460169},
MRREVIEWER = {D. H. Younger},
}

@inproceedings{abboud2015if,
  title={If the current clique algorithms are optimal, so is {V}aliant's parser},
  author={Abboud, Amir and Backurs, Arturs and Williams, Virginia Vassilevska},
  booktitle={Foundations of Computer Science (FOCS), 2015 IEEE 56th Annual Symposium on},
  pages={98--117},
  year={2015},
  organization={IEEE}
}

@article{nevsetvril1985complexity,
  title={On the complexity of the subgraph problem},
  author={Ne{\v{s}}et{\v{r}}il, Jaroslav and Poljak, Svatopluk},
  journal={Commentationes Mathematicae Universitatis Carolinae},
  volume={26},
  number={2},
  pages={415--419},
  year={1985},
  publisher={Charles University in Prague, Faculty of Mathematics and Physics}
}

@article{karger2000minimum,
  title={Minimum cuts in near-linear time},
  author={Karger, David R},
  journal={Journal of the ACM (JACM)},
  volume={47},
  number={1},
  pages={46--76},
  year={2000},
  publisher={ACM}
}

@inproceedings{williams2010subcubic,
  title={Subcubic equivalences between path, matrix and triangle problems},
  author={Williams, Virginia Vassilevska and Williams, Ryan},
  booktitle={Foundations of Computer Science (FOCS), 2010 51st Annual IEEE Symposium on},
  pages={645--654},
  year={2010},
  organization={IEEE}
}

@inproceedings{le2014powers,
  title={Powers of tensors and fast matrix multiplication},
  author={Le Gall, Fran{\c{c}}ois},
  booktitle={Proceedings of the 39th international symposium on symbolic and algebraic computation},
  pages={296--303},
  year={2014},
  organization={ACM}
}

@inproceedings{GuptaLL18,
  author    = {Anupam Gupta and
               Euiwoong Lee and
               Jason Li},
  title     = {An {FPT} Algorithm Beating 2-Approximation for \emph{k}-Cut},
  booktitle = {Proceedings of the Twenty-Ninth Annual {ACM-SIAM} Symposium on Discrete
               Algorithms, {SODA} 2018, New Orleans, LA, USA, January 7-10, 2018},
  pages     = {2821--2837},
  year      = {2018},
  url       = {https://doi.org/10.1137/1.9781611975031.179},
  doi       = {10.1137/1.9781611975031.179},
  timestamp = {Thu, 04 Jan 2018 13:55:11 +0100},
  biburl    = {https://dblp.org/rec/bib/conf/soda/GuptaLL18},
  bibsource = {dblp computer science bibliography, https://dblp.org}
}

@article{sauer1972density,
  title={On the density of families of sets},
  author={Sauer, Norbert},
  journal={Journal of Combinatorial Theory, Series A},
  volume={13},
  number={1},
  pages={145--147},
  year={1972},
  publisher={Elsevier}
}

@inproceedings{misra2013parameterized,
  title={Parameterized algorithms for max colorable induced subgraph problem on perfect graphs},
  author={Misra, Neeldhara and Panolan, Fahad and Rai, Ashutosh and Raman, Venkatesh and Saurabh, Saket},
  booktitle={International Workshop on Graph-Theoretic Concepts in Computer Science},
  pages={370--381},
  year={2013},
  organization={Springer}
}

@inproceedings{chitnis2012designing,
  title={Designing FPT algorithms for cut problems using randomized contractions},
  author={Chitnis, Rajesh and Cygan, Marek and Hajiaghayi, MohammadTaghi and Pilipczuk, Marcin and Pilipczuk, Michal},
  booktitle={Foundations of Computer Science (FOCS), 2012 IEEE 53rd Annual Symposium on},
  pages={460--469},
  year={2012},
  organization={IEEE}
}

@book {Mat-book,
    AUTHOR = {Matou\v{s}ek, Ji\v{r}\'{\i}},
     TITLE = {Geometric discrepancy},
    SERIES = {Algorithms and Combinatorics},
    VOLUME = 18,
      NOTE = {An illustrated guide},
 PUBLISHER = {Springer-Verlag, Berlin},
      YEAR = 1999,
     PAGES = {xii+288},
      ISBN = {3-540-65528-X},
   MRCLASS = {11K38 (05D05 52C99 65D18)},
  MRNUMBER = 1697825,
MRREVIEWER = {Allen D. Rogers},
       DOI = {10.1007/978-3-642-03942-3},
       URL = {https://doi.org/10.1007/978-3-642-03942-3},
}

@inproceedings{KClique,
  title={Consequences of faster alignment of sequences},
  author={Abboud, Amir and Williams, Virginia Vassilevska and Weimann, Oren},
  booktitle={International Colloquium on Automata, Languages, and Programming},
  pages={39--51},
  year={2014},
  organization={Springer}
}

@article {CGN,
    AUTHOR = {Chekuri, Chandra and Guha, Sudipto and Naor, Joseph},
     TITLE = {The {S}teiner {$k$}-cut problem},
   JOURNAL = {SIAM J. Discrete Math.},
  FJOURNAL = {SIAM Journal on Discrete Mathematics},
    VOLUME = {20},
      YEAR = {2006},
    NUMBER = {1},
     PAGES = {261--271},
      ISSN = {0895-4801},
   MRCLASS = {90C35 (68Q25 68W25 90C59)},
  MRNUMBER = {2257260},
MRREVIEWER = {Hans-Ulrich Simon},
       DOI = {10.1137/S0895480104445095},
       URL = {https://doi.org/10.1137/S0895480104445095},
}

@article {ER60,
    AUTHOR = {Erd\H{o}s, P. and Rado, R.},
     TITLE = {Intersection theorems for systems of sets},
   JOURNAL = {J. London Math. Soc.},
  FJOURNAL = {The Journal of the London Mathematical Society},
    VOLUME = {35},
      YEAR = {1960},
     PAGES = {85--90},
      ISSN = {0024-6107},
   MRCLASS = {04.00},
  MRNUMBER = {111692},
MRREVIEWER = {Djuro Kurepa},
       DOI = {10.1112/jlms/s1-35.1.85},
       URL = {https://doi.org/10.1112/jlms/s1-35.1.85},
}

@article{liu2020faster,
  title={Faster Divergence Maximization for Faster Maximum Flow},
  author={Liu, Yang P and Sidford, Aaron},
  journal={arXiv preprint arXiv:2003.08929},
  year={2020}
}

@article{goldberg1998beyond,
  title={Beyond the flow decomposition barrier},
  author={Goldberg, Andrew V and Rao, Satish},
  journal={Journal of the ACM (JACM)},
  volume={45},
  number={5},
  pages={783--797},
  year={1998},
  publisher={ACM New York, NY, USA}
}
